<record><leader>00000cas a22000007a 4500</leader><controlfield tag="001">13109636</controlfield><controlfield tag="008">860205d19241925wiuwr ne      0    0eng d</controlfield><datafield ind1=" " ind2=" " tag="010"><subfield code="a">sn 86086315 </subfield></datafield><datafield ind1=" " ind2=" " tag="040"><subfield code="a">NPV</subfield><subfield code="b">eng</subfield><subfield code="c">NPV</subfield><subfield code="d">OCLCQ</subfield></datafield><datafield ind1=" " ind2=" " tag="042"><subfield code="a">msc</subfield></datafield><datafield ind1="0" ind2="0" tag="245"><subfield code="a">Oconto County reporter, enterprise-enquirer.</subfield></datafield><datafield ind1=" " ind2=" " tag="260"><subfield code="a">Oconto, Wis. :</subfield><subfield code="b">[Comstock and Co.],</subfield><subfield code="c">1924-1925.</subfield></datafield><datafield ind1=" " ind2=" " tag="300"><subfield code="a">v. :</subfield><subfield code="b">ill.</subfield></datafield><datafield ind1=" " ind2=" " tag="310"><subfield code="a">Weekly</subfield></datafield><datafield ind1="0" ind2=" " tag="362"><subfield code="a">Fifty-third year, no. 47 (Sept. 4, 1924)-fifty-fourth year, no. 33 (May 28, 1925).</subfield></datafield><datafield ind1=" " ind2=" " tag="752"><subfield code="a">United States</subfield><subfield code="b">Wisconsin</subfield><subfield code="c">Oconto</subfield><subfield code="d">Oconto.</subfield></datafield><datafield ind1="0" ind2="0" tag="780"><subfield code="t">Oconto County reporter, enterprise</subfield><subfield code="w">(DLC)sn 86086314</subfield></datafield><datafield ind1="0" ind2="0" tag="785"><subfield code="t">Oconto County reporter (Oconto, Wis. : 1925)</subfield><subfield code="w">(DLC)sn 86086316</subfield></datafield></record>